@inproceedings{habernal2016argument,
  title={Which argument is more convincing? Analyzing and predicting convincingness of Web arguments using bidirectional LSTM},
  author={Habernal, Ivan and Gurevych, Iryna},
  booktitle={Proceedings of the 54th Annual Meeting of the Association for Computational Linguistics (ACL)},
  year={2016}
}


@article{nettel2012persuasive,
  title={Persuasive argumentation versus manipulation},
  author={Nettel, Ana Laura and Roque, Georges},
  journal={Argumentation},
  volume={26},
  number={1},
  pages={55--69},
  year={2012},
  publisher={Springer}
}

@article{mercier2011humans,
  title={Why do humans reason? Arguments for an argumentative theory},
  author={Mercier, Hugo and Sperber, Dan},
  journal={Behavioral and brain sciences},
  volume={34},
  number={02},
  pages={57--74},
  year={2011},
  publisher={Cambridge Univ Press}
}

@article{blair2012argumentation,
  title={Argumentation as rational persuasion},
  author={Blair, J Anthony},
  journal={Argumentation},
  volume={26},
  number={1},
  pages={71--81},
  year={2012},
  publisher={Springer}
}

@incollection{petty1986elaboration,
  title={The elaboration likelihood model of persuasion},
  author={Petty, Richard E and Cacioppo, John T},
  booktitle={Communication and persuasion},
  pages={1--24},
  year={1986},
  publisher={Springer}
}

@inproceedings{stab2014argumentation,
  title={Argumentation Mining in Persuasive Essays and Scientific Articles from the Discourse Structure Perspective.},
  author={Stab, Christian and Kirschner, Christian and Eckle-Kohler, Judith and Gurevych, Iryna},
  booktitle={ArgNLP},
  pages={21--25},
  year={2014}
}

@inproceedings{rooney2012applying,
  title={Applying Kernel Methods to Argumentation Mining.},
  author={Rooney, Niall and Wang, Hui and Browne, Fiona},
  booktitle={FLAIRS Conference},
  year={2012}
}

@inproceedings{feng2011classifying,
  title={Classifying arguments by scheme},
  author={Feng, Vanessa Wei and Hirst, Graeme},
  booktitle={Proceedings of the 49th Annual Meeting of the Association for Computational Linguistics: Human Language Technologies-Volume 1},
  pages={987--996},
  year={2011},
  organization={Association for Computational Linguistics}
}

@inproceedings{palau2009argumentation,
  title={Argumentation mining: the detection, classification and structure of arguments in text},
  author={Palau, Raquel Mochales and Moens, Marie-Francine},
  booktitle={Proceedings of the 12th international conference on artificial intelligence and law},
  pages={98--107},
  year={2009},
  organization={ACM}
}

@inproceedings{hasan2014you,
  title={Why are You Taking this Stance? Identifying and Classifying Reasons in Ideological Debates.},
  author={Hasan, Kazi Saidul and Ng, Vincent},
  booktitle={EMNLP},
  pages={751--762},
  year={2014}
}

@inproceedings{marcu2002unsupervised,
  title={An unsupervised approach to recognizing discourse relations},
  author={Marcu, Daniel and Echihabi, Abdessamad},
  booktitle={Proceedings of the 40th Annual Meeting on Association for Computational Linguistics},
  pages={368--375},
  year={2002},
  organization={Association for Computational Linguistics}
}

@inproceedings{sultan2015dls,
  title={Dls@ cu: Sentence similarity from word alignment and semantic vector composition},
  author={Sultan, Md Arafat and Bethard, Steven and Sumner, Tamara},
  booktitle={Proceedings of the 9th International Workshop on Semantic Evaluation},
  pages={148--153},
  year={2015}
}

@article{grolmusz2015note,
  title={A note on the pagerank of undirected graphs},
  author={Grolmusz, Vince},
  journal={Information Processing Letters},
  volume={115},
  number={6},
  pages={633--634},
  year={2015},
  publisher={Elsevier}
}

@article{mochales2011argumentation,
  title={Argumentation mining},
  author={Mochales, Raquel and Moens, Marie-Francine},
  journal={Artificial Intelligence and Law},
  volume={19},
  number={1},
  pages={1--22},
  year={2011},
  publisher={Springer}
}

@inproceedings{cartright2011evidence,
  title={Evidence finding using a collection of books},
  author={Cartright, Marc-Allen and Feild, Henry A and Allan, James},
  booktitle={Proceedings of the 4th ACM workshop on Online books, complementary social media and crowdsourcing},
  pages={11--18},
  year={2011},
  organization={ACM}
}

@inproceedings{rinott2015show,
  title={Show Me Your Evidence-an Automatic Method for Context Dependent Evidence Detection.},
  author={Rinott, Ruty and Dankin, Lena and Perez, Carlos Alzate and Khapra, Mitesh M and Aharoni, Ehud and Slonim, Noam},
  booktitle={EMNLP},
  pages={440--450},
  year={2015}
}

@inproceedings{aharoni2014benchmark,
  title={A benchmark dataset for automatic detection of claims and evidence in the context of controversial topics},
  author={Aharoni, Ehud and Polnarov, Anatoly and Lavee, Tamar and Hershcovich, Daniel and Levy, Ran and Rinott, Ruty and Gutfreund, Dan and Slonim, Noam},
  booktitle={Proceedings of the First Workshop on Argumentation Mining},
  pages={64--68},
  year={2014}
}

@article{salton1986introduction,
  title={Introduction to modern information retrieval},
  author={Salton, Gerard and McGill, Michael J},
  year={1986},
  publisher={McGraw-Hill, Inc.}
}